@article{sabolic2025seal,
  title={Seal Your Backdoor with Variational Defense},
  author={Saboli{\'c}, Ivan and Grci{\'c}, Matej and {\v{S}}egvi{\'c}, Sini{\v{s}}a},
  journal={arXiv preprint arXiv:2503.08829},
  year={2025}
}